
@misc{githubSolution,
    author    = "ageron",
    title     = "handson-ml",
    url       = "https://github.com/ageron/handson-ml/blob/master"
}